<?xml version="1.0" encoding="UTF-8"?>
  <record xmlns="http://www.loc.gov/MARC21/slim" type="Authority">
    <leader>00000nz  a2200000nc 4500</leader>
    <controlfield tag="001">131790021</controlfield>
    <controlfield tag="003">DE-101</controlfield>
    <controlfield tag="005">20211104090003.0</controlfield>
    <controlfield tag="008">060627n||azznnaabn           | aaa    |c</controlfield>
    <datafield tag="024" ind1="7" ind2=" ">
      <subfield code="a">131790021</subfield>
      <subfield code="0">http://d-nb.info/gnd/131790021</subfield>
      <subfield code="2">gnd</subfield>
    </datafield>
    <datafield tag="035" ind1=" " ind2=" ">
      <subfield code="a">(DE-101)131790021</subfield>
    </datafield>
    <datafield tag="035" ind1=" " ind2=" ">
      <subfield code="a">(DE-588)131790021</subfield>
    </datafield>
    <datafield tag="035" ind1=" " ind2=" ">
      <subfield code="z">(DE-588a)131790021</subfield>
      <subfield code="9">v:zg</subfield>
    </datafield>
    <datafield tag="040" ind1=" " ind2=" ">
      <subfield code="a">DE-1</subfield>
      <subfield code="c">DE-1</subfield>
      <subfield code="9">r:DE-1</subfield>
      <subfield code="b">ger</subfield>
      <subfield code="d">3004</subfield>
    </datafield>
    <datafield tag="042" ind1=" " ind2=" ">
      <subfield code="a">gnd1</subfield>
    </datafield>
    <datafield tag="043" ind1=" " ind2=" ">
      <subfield code="c">XA-LT</subfield>
      <subfield code="c">XA-CZ</subfield>
      <subfield code="c">XA-DE</subfield>
      <subfield code="c">XA-PL</subfield>
    </datafield>
    <datafield tag="065" ind1=" " ind2=" ">
      <subfield code="a">3.6p</subfield>
      <subfield code="2">sswd</subfield>
    </datafield>
    <datafield tag="075" ind1=" " ind2=" ">
      <subfield code="b">p</subfield>
      <subfield code="2">gndgen</subfield>
    </datafield>
    <datafield tag="075" ind1=" " ind2=" ">
      <subfield code="b">piz</subfield>
      <subfield code="2">gndspec</subfield>
    </datafield>
    <datafield tag="079" ind1=" " ind2=" ">
      <subfield code="a">g</subfield>
      <subfield code="q">a</subfield>
      <subfield code="q">f</subfield>
      <subfield code="q">s</subfield>
    </datafield>
    <datafield tag="100" ind1="1" ind2=" ">
      <subfield code="a">Qaidanover, Aharōn Šemû'ēl</subfield>
      <subfield code="d">1614-1676</subfield>
    </datafield>
    <datafield tag="375" ind1=" " ind2=" ">
      <subfield code="a">1</subfield>
      <subfield code="2">iso5218</subfield>
    </datafield>
    <datafield tag="377" ind1=" " ind2="7">
      <subfield code="a">pol</subfield>
      <subfield code="a">heb</subfield>
      <subfield code="2">iso639-2b</subfield>
    </datafield>
    <datafield tag="400" ind1="1" ind2=" ">
      <subfield code="a">Ḳaidanoṿer, Aharon Shemuʾel</subfield>
      <subfield code="d">1614-1676</subfield>
    </datafield>
    <datafield tag="400" ind1="1" ind2=" ">
      <subfield code="a">Qaidanower, Aharōn Šemûʾēl</subfield>
      <subfield code="d">1614-1676</subfield>
    </datafield>
    <datafield tag="400" ind1="1" ind2=" ">
      <subfield code="a">Ḳoidanoṿer, Aharon Shemuʾel</subfield>
      <subfield code="d">1614-1676</subfield>
    </datafield>
    <datafield tag="400" ind1="1" ind2=" ">
      <subfield code="a">Qoidanower, Aharōn Šemûʾēl</subfield>
      <subfield code="d">1614-1676</subfield>
    </datafield>
    <datafield tag="400" ind1="1" ind2=" ">
      <subfield code="a">Ḳoidonoṿer, Aharon Shemuʾel</subfield>
      <subfield code="d">1614-1676</subfield>
    </datafield>
    <datafield tag="400" ind1="1" ind2=" ">
      <subfield code="a">Qoidonower, Aharōn Šemûʾēl</subfield>
      <subfield code="d">1614-1676</subfield>
    </datafield>
    <datafield tag="400" ind1="1" ind2=" ">
      <subfield code="a">Qaidanover, Aharōn Šemûʾēl</subfield>
      <subfield code="c">Talmudgelehrter</subfield>
      <subfield code="d">1614-1676</subfield>
    </datafield>
    <datafield tag="400" ind1="1" ind2=" ">
      <subfield code="a">Qoidanover, Ahron Shmʾuel</subfield>
      <subfield code="c">Talmudgelehrter</subfield>
      <subfield code="d">1614-1676</subfield>
    </datafield>
    <datafield tag="400" ind1="1" ind2=" ">
      <subfield code="a">Ḳaidanoṿer, Shemuʾel</subfield>
      <subfield code="d">1614-1676</subfield>
    </datafield>
    <datafield tag="400" ind1="1" ind2=" ">
      <subfield code="a">Qaidanower, Šemûʾēl</subfield>
      <subfield code="d">1614-1676</subfield>
    </datafield>
    <datafield tag="400" ind1="1" ind2=" ">
      <subfield code="a">Ḳoidanoṿer, Shemuʾel</subfield>
      <subfield code="d">1614-1676</subfield>
    </datafield>
    <datafield tag="400" ind1="1" ind2=" ">
      <subfield code="a">Qoidanower, Šemûʾēl</subfield>
      <subfield code="d">1614-1676</subfield>
    </datafield>
    <datafield tag="400" ind1="1" ind2=" ">
      <subfield code="a">Ḳoidonoṿer, Shemuʾel</subfield>
      <subfield code="d">1614-1676</subfield>
    </datafield>
    <datafield tag="400" ind1="1" ind2=" ">
      <subfield code="a">Qoidonower, Šemûʾēl</subfield>
      <subfield code="d">1614-1676</subfield>
    </datafield>
    <datafield tag="400" ind1="1" ind2=" ">
      <subfield code="a">Ḳadanoṿer, Shemuʼel</subfield>
      <subfield code="d">1614-1676</subfield>
    </datafield>
    <datafield tag="400" ind1="1" ind2=" ">
      <subfield code="a">Qadanower, Šemuʼel</subfield>
      <subfield code="d">1614-1676</subfield>
    </datafield>
    <datafield tag="400" ind1="0" ind2=" ">
      <subfield code="a">Aharon Shemuʾel</subfield>
      <subfield code="d">1614-1676</subfield>
    </datafield>
    <datafield tag="400" ind1="0" ind2=" ">
      <subfield code="a">Aharōn Šemûʾēl</subfield>
      <subfield code="d">1614-1676</subfield>
    </datafield>
    <datafield tag="400" ind1="0" ind2=" ">
      <subfield code="a">Baʿal ha-meḥaber sefer Tiferet Shemuʾel</subfield>
      <subfield code="d">1614-1676</subfield>
    </datafield>
    <datafield tag="400" ind1="0" ind2=" ">
      <subfield code="a">Baʿal ha-meḥaber sefer Birkat ha-zebaḥ</subfield>
      <subfield code="d">1614-1676</subfield>
    </datafield>
    <datafield tag="400" ind1="0" ind2=" ">
      <subfield code="a">Maharshaḳ</subfield>
      <subfield code="d">1614-1676</subfield>
    </datafield>
    <datafield tag="400" ind1="0" ind2=" ">
      <subfield code="a">Maharšaq</subfield>
      <subfield code="d">1614-1676</subfield>
    </datafield>
    <datafield tag="400" ind1="0" ind2=" ">
      <subfield code="a">Maharshaḳ</subfield>
      <subfield code="c">Talmudgelehrter</subfield>
      <subfield code="d">1614-1676</subfield>
    </datafield>
    <datafield tag="400" ind1="0" ind2=" ">
      <subfield code="a">Moharsham</subfield>
      <subfield code="c">Baʿal ha-meḥaber sefer Birkat ha-zebaḥ</subfield>
      <subfield code="d">1614-1676</subfield>
    </datafield>
    <datafield tag="400" ind1="1" ind2=" ">
      <subfield code="a">Ḳaidanoṿer, Aharon Shemuʾel ben Yiśraʾel</subfield>
      <subfield code="d">1614-1676</subfield>
    </datafield>
    <datafield tag="400" ind1="1" ind2=" ">
      <subfield code="a">Qaidanower, Aharōn Šemûʾēl Ben-Yiśraʾēl</subfield>
      <subfield code="d">1614-1676</subfield>
    </datafield>
    <datafield tag="400" ind1="1" ind2=" ">
      <subfield code="a">Kaidanover, Aaron Samuel ben Israel</subfield>
      <subfield code="c">Talmudgelehrter</subfield>
      <subfield code="d">1614-1676</subfield>
    </datafield>
    <datafield tag="400" ind1="1" ind2=" ">
      <subfield code="a">Ḳoidanoṿer, Aharon Shemuʾel ben Yiśraʾel</subfield>
      <subfield code="d">1614-1676</subfield>
    </datafield>
    <datafield tag="400" ind1="1" ind2=" ">
      <subfield code="a">Qoidanower, Aharōn Šemûʾēl Ben-Yiśraʾēl</subfield>
      <subfield code="d">1614-1676</subfield>
    </datafield>
    <datafield tag="400" ind1="1" ind2=" ">
      <subfield code="a">Ḳoidonoṿer, Aharon Shemuʾel ben Yiśraʾel</subfield>
      <subfield code="d">1614-1676</subfield>
    </datafield>
    <datafield tag="400" ind1="1" ind2=" ">
      <subfield code="a">Qoidonower, Aharōn Šemûʾēl Ben-Yiśraʾēl</subfield>
      <subfield code="d">1614-1676</subfield>
    </datafield>
    <datafield tag="400" ind1="1" ind2=" ">
      <subfield code="a">Koidonover, Aaron Samuel ben Israel</subfield>
      <subfield code="c">Talmudgelehrter</subfield>
      <subfield code="d">1614-1676</subfield>
    </datafield>
    <datafield tag="400" ind1="1" ind2=" ">
      <subfield code="a">Kaidanover, Aaron Samuel ben Israel</subfield>
      <subfield code="d">1614-1676</subfield>
    </datafield>
    <datafield tag="400" ind1="1" ind2=" ">
      <subfield code="a">Koidonover, Aaron Samuel ben Israel</subfield>
      <subfield code="d">1614-1676</subfield>
    </datafield>
    <datafield tag="400" ind1="1" ind2=" ">
      <subfield code="a">Qoidanover, Ahar¯on ʿSemû'¯el</subfield>
      <subfield code="d">1614-1676</subfield>
    </datafield>
    <datafield tag="400" ind1="1" ind2=" ">
      <subfield code="a">Qaidanover, Ahar¯on ʿSemû'¯el</subfield>
      <subfield code="d">1614-1676</subfield>
    </datafield>
    <datafield tag="400" ind1="0" ind2=" ">
      <subfield code="a">Maharshak</subfield>
      <subfield code="d">1614-1676</subfield>
    </datafield>
    <datafield tag="400" ind1="1" ind2=" ">
      <subfield code="a">Qaidanover, Ahar¯on ʿSemû'¯el ben Y´sra'¯el</subfield>
      <subfield code="d">1614-1676</subfield>
    </datafield>
    <datafield tag="400" ind1="1" ind2=" ">
      <subfield code="a">Qoidanover, Ahar¯on ʿSemû'¯el ben Y´sra'¯el</subfield>
      <subfield code="d">1614-1676</subfield>
    </datafield>
    <datafield tag="400" ind1="1" ind2=" ">
      <subfield code="9">U:Hebr</subfield>
      <subfield code="a">קוידאנובר, אהרן שמואל בן ישראל</subfield>
      <subfield code="d">1614-1676</subfield>
    </datafield>
    <datafield tag="400" ind1="1" ind2=" ">
      <subfield code="9">U:Hebr</subfield>
      <subfield code="a">קידאנובר, אהרן שמואל בן ישראל</subfield>
      <subfield code="d">1614-1676</subfield>
    </datafield>
    <datafield tag="400" ind1="1" ind2=" ">
      <subfield code="9">U:Hebr</subfield>
      <subfield code="a">קאיידנובר, אהרן שמואל</subfield>
      <subfield code="d">1614-1676</subfield>
    </datafield>
    <datafield tag="400" ind1="1" ind2=" ">
      <subfield code="9">U:Hebr</subfield>
      <subfield code="a">קוידנובר, אהרן שמואל</subfield>
      <subfield code="d">1614-1676</subfield>
    </datafield>
    <datafield tag="400" ind1="1" ind2=" ">
      <subfield code="9">U:Hebr</subfield>
      <subfield code="a">קידנובר, אהרן שמואל</subfield>
      <subfield code="d">1614-1676</subfield>
    </datafield>
    <datafield tag="400" ind1="1" ind2=" ">
      <subfield code="9">U:Hebr</subfield>
      <subfield code="a">קאיידנוור, שמואל</subfield>
      <subfield code="d">1614-1676</subfield>
    </datafield>
    <datafield tag="400" ind1="1" ind2=" ">
      <subfield code="9">U:Hebr</subfield>
      <subfield code="a">קאיידנור, שמואל</subfield>
      <subfield code="d">1614-1676</subfield>
    </datafield>
    <datafield tag="400" ind1="1" ind2=" ">
      <subfield code="9">U:Hebr</subfield>
      <subfield code="a">קאידנוור, שמואל</subfield>
      <subfield code="d">1614-1676</subfield>
    </datafield>
    <datafield tag="400" ind1="1" ind2=" ">
      <subfield code="9">U:Hebr</subfield>
      <subfield code="a">קוידנוור, שמואל</subfield>
      <subfield code="d">1614-1676</subfield>
    </datafield>
    <datafield tag="400" ind1="1" ind2=" ">
      <subfield code="9">U:Hebr</subfield>
      <subfield code="a">קוידאנובר, שמואל</subfield>
      <subfield code="d">1614-1676</subfield>
    </datafield>
    <datafield tag="400" ind1="1" ind2=" ">
      <subfield code="9">U:Hebr</subfield>
      <subfield code="a">קיידאנובר, שמואל</subfield>
      <subfield code="d">1614-1676</subfield>
    </datafield>
    <datafield tag="400" ind1="1" ind2=" ">
      <subfield code="9">U:Hebr</subfield>
      <subfield code="a">קיידנובר, שמואל</subfield>
      <subfield code="d">1614-1676</subfield>
    </datafield>
    <datafield tag="400" ind1="1" ind2=" ">
      <subfield code="9">U:Hebr</subfield>
      <subfield code="a">קיידנובר, שמואל</subfield>
      <subfield code="d">1614-1676</subfield>
    </datafield>
    <datafield tag="400" ind1="1" ind2=" ">
      <subfield code="9">U:Hebr</subfield>
      <subfield code="a">קידנובר, שמואל</subfield>
      <subfield code="d">1614-1676</subfield>
    </datafield>
    <datafield tag="400" ind1="0" ind2=" ">
      <subfield code="9">U:Hebr</subfield>
      <subfield code="a">אהרן שמואל</subfield>
      <subfield code="d">1614-1676</subfield>
    </datafield>
    <datafield tag="400" ind1="0" ind2=" ">
      <subfield code="9">U:Hebr</subfield>
      <subfield code="a">אהרן שמואל קוידאנובר</subfield>
      <subfield code="d">1614-1676</subfield>
    </datafield>
    <datafield tag="400" ind1="0" ind2=" ">
      <subfield code="9">U:Hebr</subfield>
      <subfield code="a">אהרן שמואל בן ישראל קאיידנובר</subfield>
      <subfield code="d">1614-1676</subfield>
    </datafield>
    <datafield tag="400" ind1="0" ind2=" ">
      <subfield code="9">U:Hebr</subfield>
      <subfield code="a">שמואל קאדנבר</subfield>
      <subfield code="d">1614-1676</subfield>
    </datafield>
    <datafield tag="400" ind1="0" ind2=" ">
      <subfield code="9">U:Hebr</subfield>
      <subfield code="a">שמואל קידנובר</subfield>
      <subfield code="d">1614-1676</subfield>
    </datafield>
    <datafield tag="400" ind1="0" ind2=" ">
      <subfield code="9">U:Hebr</subfield>
      <subfield code="a">בעל המחבר ספר תפארת שמואל</subfield>
      <subfield code="d">1614-1676</subfield>
    </datafield>
    <datafield tag="400" ind1="0" ind2=" ">
      <subfield code="9">U:Hebr</subfield>
      <subfield code="a">בעל המחבר ספר ברכת הזבח</subfield>
      <subfield code="d">1614-1676</subfield>
    </datafield>
    <datafield tag="400" ind1="1" ind2=" ">
      <subfield code="9">U:Hebr</subfield>
      <subfield code="a">קאידנוור, אהרן שמואל</subfield>
      <subfield code="d">1614-1676</subfield>
      <subfield code="5">DE-576</subfield>
    </datafield>
    <datafield tag="400" ind1="1" ind2=" ">
      <subfield code="9">U:Hebr</subfield>
      <subfield code="a">קוידנוור, אהרן שמואל</subfield>
      <subfield code="d">1614-1676</subfield>
      <subfield code="5">DE-576</subfield>
    </datafield>
    <datafield tag="400" ind1="1" ind2=" ">
      <subfield code="9">U:Hebr</subfield>
      <subfield code="a">קאיידנור, אהרן שמואל</subfield>
      <subfield code="d">1614-1676</subfield>
      <subfield code="5">DE-576</subfield>
    </datafield>
    <datafield tag="400" ind1="0" ind2=" ">
      <subfield code="9">U:Hebr</subfield>
      <subfield code="a">מהרש״ק</subfield>
      <subfield code="d">1614-1676</subfield>
    </datafield>
    <datafield tag="400" ind1="0" ind2=" ">
      <subfield code="9">U:Hebr</subfield>
      <subfield code="a">מוהרש״ם</subfield>
      <subfield code="d">1614-1676</subfield>
    </datafield>
    <datafield tag="400" ind1="0" ind2=" ">
      <subfield code="9">U:Hebr</subfield>
      <subfield code="a">מוהרש״ם</subfield>
      <subfield code="c">בעל המחבר ספר ברכת הזבח</subfield>
      <subfield code="d">1614-1676</subfield>
    </datafield>
    <datafield tag="548" ind1=" " ind2=" ">
      <subfield code="a">1614-1676</subfield>
      <subfield code="4">datl</subfield>
      <subfield code="4">https://d-nb.info/standards/elementset/gnd#dateOfBirthAndDeath</subfield>
      <subfield code="w">r</subfield>
      <subfield code="i">Lebensdaten</subfield>
      <subfield code="9">v:Geburtsjahr ca.</subfield>
    </datafield>
    <datafield tag="548" ind1=" " ind2=" ">
      <subfield code="a">XX.XX.1614-01.12.1676</subfield>
      <subfield code="4">datx</subfield>
      <subfield code="4">https://d-nb.info/standards/elementset/gnd#dateOfBirthAndDeath</subfield>
      <subfield code="w">r</subfield>
      <subfield code="i">Exakte Lebensdaten</subfield>
    </datafield>
    <datafield tag="550" ind1=" " ind2=" ">
      <subfield code="0">(DE-101)041767519</subfield>
      <subfield code="0">(DE-588)4176751-2</subfield>
      <subfield code="0">https://d-nb.info/gnd/4176751-2</subfield>
      <subfield code="a">Rabbiner</subfield>
      <subfield code="4">berc</subfield>
      <subfield code="4">https://d-nb.info/standards/elementset/gnd#professionOrOccupation</subfield>
      <subfield code="w">r</subfield>
      <subfield code="i">Charakteristischer Beruf</subfield>
    </datafield>
    <datafield tag="550" ind1=" " ind2=" ">
      <subfield code="a">Talmudgelehrter</subfield>
      <subfield code="4">beru</subfield>
      <subfield code="4">https://d-nb.info/standards/elementset/gnd#professionOrOccupation</subfield>
      <subfield code="w">r</subfield>
      <subfield code="i">Beruf</subfield>
    </datafield>
    <datafield tag="551" ind1=" " ind2=" ">
      <subfield code="0">(DE-101)040662284</subfield>
      <subfield code="0">(DE-588)4066228-7</subfield>
      <subfield code="0">https://d-nb.info/gnd/4066228-7</subfield>
      <subfield code="a">Wilna</subfield>
      <subfield code="4">ortg</subfield>
      <subfield code="4">https://d-nb.info/standards/elementset/gnd#placeOfBirth</subfield>
      <subfield code="w">r</subfield>
      <subfield code="i">Geburtsort</subfield>
    </datafield>
    <datafield tag="551" ind1=" " ind2=" ">
      <subfield code="0">(DE-101)952106957</subfield>
      <subfield code="0">(DE-588)4476942-8</subfield>
      <subfield code="0">https://d-nb.info/gnd/4476942-8</subfield>
      <subfield code="a">Chmielnik</subfield>
      <subfield code="g">Kielce</subfield>
      <subfield code="4">orts</subfield>
      <subfield code="4">https://d-nb.info/standards/elementset/gnd#placeOfDeath</subfield>
      <subfield code="w">r</subfield>
      <subfield code="i">Sterbeort</subfield>
    </datafield>
    <datafield tag="551" ind1=" " ind2=" ">
      <subfield code="0">(DE-101)040754049</subfield>
      <subfield code="0">(DE-588)4075404-2</subfield>
      <subfield code="0">https://d-nb.info/gnd/4075404-2</subfield>
      <subfield code="a">Nikolsburg</subfield>
      <subfield code="4">ortw</subfield>
      <subfield code="4">https://d-nb.info/standards/elementset/gnd#placeOfActivity</subfield>
      <subfield code="w">r</subfield>
      <subfield code="i">Wirkungsort</subfield>
    </datafield>
    <datafield tag="551" ind1=" " ind2=" ">
      <subfield code="0">(DE-101)040936147</subfield>
      <subfield code="0">(DE-588)4093614-4</subfield>
      <subfield code="0">https://d-nb.info/gnd/4093614-4</subfield>
      <subfield code="a">Glogau</subfield>
      <subfield code="4">ortw</subfield>
      <subfield code="4">https://d-nb.info/standards/elementset/gnd#placeOfActivity</subfield>
      <subfield code="w">r</subfield>
      <subfield code="i">Wirkungsort</subfield>
    </datafield>
    <datafield tag="551" ind1=" " ind2=" ">
      <subfield code="0">(DE-101)040188272</subfield>
      <subfield code="0">(DE-588)4018827-9</subfield>
      <subfield code="0">https://d-nb.info/gnd/4018827-9</subfield>
      <subfield code="a">Fürth</subfield>
      <subfield code="g">Bayern</subfield>
      <subfield code="4">ortw</subfield>
      <subfield code="4">https://d-nb.info/standards/elementset/gnd#placeOfActivity</subfield>
      <subfield code="w">r</subfield>
      <subfield code="i">Wirkungsort</subfield>
    </datafield>
    <datafield tag="551" ind1=" " ind2=" ">
      <subfield code="0">(DE-101)040181189</subfield>
      <subfield code="0">(DE-588)4018118-2</subfield>
      <subfield code="0">https://d-nb.info/gnd/4018118-2</subfield>
      <subfield code="a">Frankfurt am Main</subfield>
      <subfield code="4">ortw</subfield>
      <subfield code="4">https://d-nb.info/standards/elementset/gnd#placeOfActivity</subfield>
      <subfield code="w">r</subfield>
      <subfield code="i">Wirkungsort</subfield>
    </datafield>
    <datafield tag="667" ind1=" " ind2=" ">
      <subfield code="a">VD-17</subfield>
    </datafield>
    <datafield tag="670" ind1=" " ind2=" ">
      <subfield code="a">LCAuth</subfield>
    </datafield>
    <datafield tag="670" ind1=" " ind2=" ">
      <subfield code="a">VIAF</subfield>
    </datafield>
    <datafield tag="672" ind1=" " ind2="0">
      <subfield code="a">Tiferet Shemuʾel</subfield>
      <subfield code="f">1696</subfield>
    </datafield>
    <datafield tag="672" ind1=" " ind2="0">
      <subfield code="a">Sēfer tifʾeret Šemû'ēl</subfield>
      <subfield code="f">1696</subfield>
    </datafield>
    <datafield tag="678" ind1=" " ind2=" ">
      <subfield code="b">pol.-lit. Rabbiner und Talmudgelehrter</subfield>
    </datafield>
    <datafield tag="700" ind1="1" ind2="4">
      <subfield code="a">Koidonover, Aaron Samuel ben Israel</subfield>
      <subfield code="d">1614-1676</subfield>
      <subfield code="9">v:ca. 1614-1676</subfield>
    </datafield>
    <datafield tag="700" ind1="1" ind2="7">
      <subfield code="a">Koidonover, Aaron Samuel ben Israel</subfield>
      <subfield code="d">1614-1676</subfield>
      <subfield code="0">(DLC)no 94015819</subfield>
      <subfield code="0">https://lccn.loc.gov/no94015819</subfield>
      <subfield code="2">naf</subfield>
      <subfield code="9">v:approximately 1614-1676</subfield>
    </datafield>
    <datafield tag="700" ind1="1" ind2="4">
      <subfield code="9">U:Hebr</subfield>
      <subfield code="a">קידנובר, אהרן שמואל</subfield>
      <subfield code="d">1614-1676</subfield>
      <subfield code="5">DE-576</subfield>
      <subfield code="9">v:Original</subfield>
    </datafield>
    <datafield tag="700" ind1="1" ind2="7">
      <subfield code="9">U:Hebr</subfield>
      <subfield code="9">L:heb</subfield>
      <subfield code="a">קוידאנובר, אהרן שמואל בן ישראל</subfield>
      <subfield code="d">1614-1676</subfield>
      <subfield code="0">(IL-NNL)000331413</subfield>
      <subfield code="2">bhb</subfield>
      <subfield code="9">v:ca. 1614-1676</subfield>
    </datafield>
    <datafield tag="913" ind1=" " ind2=" ">
      <subfield code="S">pnd</subfield>
      <subfield code="i">a</subfield>
      <subfield code="a">Qaidanover, Aharōn Šemû'ēl</subfield>
      <subfield code="0">(DE-588a)131790021</subfield>
    </datafield>
  </record>
